@article{DBLP:journals/fuin/Urzyczyn96,
  author       = {Pawel Urzyczyn},
  title        = {Positive Recursive Type Assignment},
  journal      = {Fundam. Informaticae},
  volume       = {28},
  number       = {1-2},
  pages        = {197--209},
  year         = {1996},
  url_          = {https://doi.org/10.3233/FI-1996-281213},
  doi          = {10.3233/FI-1996-281213},
  timestamp    = {Fri, 18 Sep 2020 11:17:03 +0200},
  biburl       = {https://dblp.org/rec/journals/fuin/Urzyczyn96.bib},
  bibsource    = {dblp computer science bibliography, https://dblp.org}
}
@article{DBLP:journals/jfp/GayV10,
  author       = {Simon J. Gay and
                  Vasco Thudichum Vasconcelos},
  title        = {Linear type theory for asynchronous session types},
  journal      = {J. Funct. Program.},
  volume       = {20},
  number       = {1},
  pages        = {19--50},
  year         = {2010},
  url_          = {https://doi.org/10.1017/S0956796809990268},
  doi          = {10.1017/S0956796809990268},
  timestamp    = {Tue, 06 Jun 2017 22:25:48 +0200},
  biburl       = {https://dblp.org/rec/journals/jfp/GayV10.bib},
  bibsource    = {dblp computer science bibliography, https://dblp.org}
}
@inproceedings{DBLP:journals/corr/abs-2004-01322,
  author       = {Simon J. Gay and
                  Peter Thiemann and
                  Vasco T. Vasconcelos},
  editor       = {Stephanie Balzer and
                  Luca Padovani},
  title        = {Duality of Session Types: The Final Cut},
  booktitle    = {Proceedings of the 12th International Workshop on Programming Language
                  Approaches to Concurrency- and Communication-cEntric Software, PLACES@ETAPS
                  2020, Dublin, Ireland, 26th April 2020},
  series       = {{EPTCS}},
  volume       = {314},
  pages        = {23--33},
  year         = {2020},
  url_          = {https://doi.org/10.4204/EPTCS.314.3},
  doi          = {10.4204/EPTCS.314.3},
  timestamp    = {Fri, 08 May 2020 16:00:57 +0200},
  biburl       = {https://dblp.org/rec/journals/corr/abs-2004-01322.bib},
  bibsource    = {dblp computer science bibliography, https://dblp.org}
}